<?xml version="1.0" encoding="utf-8"?>
<record xmlns="http://www.loc.gov/MARC21/slim" xmlns:xsi="http://www.w3.org/2001/XMLSchema-instance" xsi:schemaLocation="http://www.loc.gov/MARC21/slim http://www.loc.gov/standards/marcxml/schema/MARC21slim.xsd">
	<leader>     nam a22        4500</leader>
	<controlfield tag="001">002049857</controlfield>
	<controlfield tag="003">NNU</controlfield>
	<controlfield tag="006">m        d        </controlfield>
	<controlfield tag="007">cr cn |||m|||a</controlfield>
	<controlfield tag="008">150505s1889    su      o     000 0 ara d</controlfield>
	<datafield ind1=" " ind2=" " tag="040">
		<subfield code="a">NNU</subfield>
		<subfield code="b">eng</subfield>
		<subfield code="c">NNU</subfield>
	</datafield>
	<datafield ind1=" " ind2="4" tag="050">
		<subfield code="a">PJ7755.I192</subfield>
		<subfield code="b">A17 1889</subfield>
	</datafield>
	<datafield ind1="1" ind2=" " tag="100">
		<subfield code="6">880-01</subfield>
		<subfield code="a">Ibn Muqarrab, ʻAlī,</subfield>
		<subfield code="d">1176 or 1177-1231 or 1232.</subfield>
	</datafield>
	<datafield ind1="1" ind2="0" tag="240">
		<subfield code="6">880-02</subfield>
		<subfield code="a">Dīwān al-shāʻir al-labīb al-fāḍil al-bāriʻ al-adīb Abū ʻAbd Allāh Muḥammad ibn ʻAlī ibn al-Muqarrab ibn al-Manṣūr ibn Muqarrab ibn ʻAlī ibn ʻAbd Allāh ibn Muḥammad ibn Ibrāhīm ibn Muḥammad al-Qalyūnī al-Iḥsāʼī</subfield>
	</datafield>
	<datafield ind1="1" ind2="0" tag="245">
		<subfield code="6">880-03</subfield>
		<subfield code="a">Hadhā Dīwān al-shāʻir al-labīb al-fāḍil al-bāriʻ al-adīb Abū ʻAbd Allāh Muḥammad ibn ʻAlī ibn al-Muqarrab ibn al-Manṣūr ibn Muqarrab ibn ʻAlī ibn ʻAbd Allāh ibn Muḥammad ibn Ibrāhīm ibn Muḥammad al-Qalyūnī al-Iḥsāʼī</subfield>
		<subfield code="h">[electronic resource].</subfield>
	</datafield>
	<datafield ind1=" " ind2=" " tag="260">
		<subfield code="6">880-04</subfield>
		<subfield code="a">[Makah] :</subfield>
		<subfield code="b">[publisher not identified],</subfield>
		<subfield code="c">[1307 [1889]]</subfield>
	</datafield>
	<datafield ind1=" " ind2=" " tag="300">
		<subfield code="a">online resource (120 p.)</subfield>
	</datafield>
	<datafield ind1=" " ind2=" " tag="500">
		<subfield code="a">Part of the Arabic Collections Online (ACO) project, contributed by New York Univeristy Libraries.</subfield>
	</datafield>
	<datafield ind1=" " ind2=" " tag="533">
		<subfield code="a">Electronic reproduction.</subfield>
		<subfield code="b">New York, N.Y. :</subfield>
		<subfield code="c">New York University,</subfield>
		<subfield code="d">2015.</subfield>
		<subfield code="5">NNU</subfield>
	</datafield>
	<datafield ind1="2" ind2=" " tag="710">
		<subfield code="a">New York University.</subfield>
		<subfield code="b">Libraries.</subfield>
	</datafield>
	<datafield ind1="0" ind2=" " tag="730">
		<subfield code="a">Arabic Collections Online.</subfield>
	</datafield>
	<datafield ind1="0" ind2="8" tag="776">
		<subfield code="i">Print version:</subfield>
		<subfield code="a">Ibn Muqarrab, ʻAlī, 1176 or 1177-1231 or 1232.</subfield>
		<subfield code="t">Hadhā Dīwān al-shāʻir al-labīb al-fāḍil al-bāriʻ al-adīb Abū ʻAbd Allāh Muḥammad ibn ʻAlī ibn al-Muqarrab ibn al-Manṣūr ibn Muqarrab ibn ʻAlī ibn ʻAbd Allāh ibn Muḥammad ibn Ibrāhīm ibn Muḥammad al-Qalyūnī al-Iḥsāʼī</subfield>
		<subfield code="w">(NNU)002049857</subfield>
	</datafield>
	<datafield ind1="4" ind2="0" tag="856">
		<subfield code="u">http://hdl.handle.net/2333.1/08kprsww</subfield>
	</datafield>
	<datafield ind1="1" ind2=" " tag="880">
		<subfield code="6">100-01/</subfield>
		<subfield code="a">ابن مقرب، علي،</subfield>
		<subfield code="d">1176 or 1177-1231 or 1232.</subfield>
	</datafield>
	<datafield ind1="1" ind2="0" tag="880">
		<subfield code="6">240-02/</subfield>
		<subfield code="a">ديوان الشاعر اللبيب الفاضل البارع الاديب ابو عبد الله محمد بن علي بن المقرب بن المنصور بن مقرب بن علي بن عبد الله بن محمد بن ابراهيم بن محمد القليوني الاحسائي</subfield>
	</datafield>
	<datafield ind1="1" ind2="0" tag="880">
		<subfield code="6">245-03/</subfield>
		<subfield code="a">هذا ديوان الشاعر اللبيب الفاضل البارع الاديب ابو عبد الله محمد بن علي بن المقرب بن المنصور بن مقرب بن علي بن عبد الله بن محمد بن ابراهيم بن محمد القليوني الاحسائي.</subfield>
	</datafield>
	<datafield ind1=" " ind2=" " tag="880">
		<subfield code="6">260-04/</subfield>
		<subfield code="a">[مكة] :</subfield>
		<subfield code="b">[publisher not identified],</subfield>
		<subfield code="c">[1307 [1889]]</subfield>
	</datafield>
	<datafield ind1=" " ind2=" " tag="959">
		<subfield code="a">NNU</subfield>
		<subfield code="b">WEB</subfield>
		<subfield code="c">GENI</subfield>
		<subfield code="t">0</subfield>
		<subfield code="m">Electronic access</subfield>
		<subfield code="s">01</subfield>
	</datafield>
	<datafield ind1=" " ind2=" " tag="999">
		<subfield code="i">NNU_002049857</subfield>
		<subfield code="s">nyu_aco000369</subfield>
	</datafield>
</record>
